<record><leader>00000cas a2200000 a 4500</leader><controlfield tag="001">34008701</controlfield><controlfield tag="008">960110d19551966miuwr ne      0    0eng c</controlfield><datafield ind1=" " ind2=" " tag="010"><subfield code="a">sn 95077625 </subfield></datafield><datafield ind1=" " ind2=" " tag="040"><subfield code="a">MHN</subfield><subfield code="b">eng</subfield><subfield code="c">MHN</subfield><subfield code="d">OCL</subfield><subfield code="d">OCLCQ</subfield><subfield code="d">OCLCF</subfield><subfield code="d">OCLCO</subfield></datafield><datafield ind1="1" ind2=" " tag="029"><subfield code="a">AU@</subfield><subfield code="b">000012146918</subfield></datafield><datafield ind1=" " ind2=" " tag="042"><subfield code="a">pcc</subfield></datafield><datafield ind1=" " ind2=" " tag="043"><subfield code="a">n-us-mi</subfield></datafield><datafield ind1="0" ind2="4" tag="245"><subfield code="a">The Allegan news-gazette.</subfield></datafield><datafield ind1=" " ind2=" " tag="260"><subfield code="a">Allegan, Mich. :</subfield><subfield code="b">John J. Axe</subfield></datafield><datafield ind1=" " ind2=" " tag="300"><subfield code="a">v.</subfield></datafield><datafield ind1=" " ind2=" " tag="310"><subfield code="a">Weekly</subfield></datafield><datafield ind1="1" ind2=" " tag="362"><subfield code="a">Began with Mar. 3, 1955?</subfield></datafield><datafield ind1="0" ind2=" " tag="362"><subfield code="a">-v. 11 [i.e. 12], no. 3 (Mar. 3, 1966).</subfield></datafield><datafield ind1=" " ind2=" " tag="515"><subfield code="a">Issues for v. 12, no. 1 (Feb. 17, 1966)-v. 12, no. 3 (Mar. 3, 1966) mistakenly called v. 11.</subfield></datafield><datafield ind1=" " ind2=" " tag="580"><subfield code="a">Formed by the union of: Allegan news, and: Allegan weekly newsmagazine gazette.</subfield></datafield><datafield ind1=" " ind2=" " tag="588"><subfield code="a">Description based on: Vol. 1, no. 5 (Mar. 31, 1955).</subfield></datafield><datafield ind1=" " ind2="0" tag="651"><subfield code="a">Allegan (Mich.)</subfield><subfield code="v">Newspapers.</subfield></datafield><datafield ind1=" " ind2="0" tag="651"><subfield code="a">Allegan County (Mich.)</subfield><subfield code="v">Newspapers.</subfield></datafield><datafield ind1=" " ind2="7" tag="655"><subfield code="a">Newspapers.</subfield><subfield code="2">fast</subfield><subfield code="0">(OCoLC)fst01423814</subfield></datafield><datafield ind1=" " ind2="7" tag="651"><subfield code="a">Michigan</subfield><subfield code="z">Allegan.</subfield><subfield code="2">fast</subfield><subfield code="0">(OCoLC)fst01219726</subfield></datafield><datafield ind1=" " ind2="7" tag="651"><subfield code="a">Michigan</subfield><subfield code="z">Allegan County.</subfield><subfield code="2">fast</subfield><subfield code="0">(OCoLC)fst01213215</subfield></datafield><datafield ind1=" " ind2=" " tag="752"><subfield code="a">United States</subfield><subfield code="b">Michigan</subfield><subfield code="c">Allegan</subfield><subfield code="d">Allegan.</subfield></datafield><datafield ind1="1" ind2="4" tag="780"><subfield code="t">Allegan news</subfield><subfield code="w">(DLC)sn 95077627</subfield><subfield code="w">(OCoLC)34008756</subfield></datafield><datafield ind1="1" ind2="4" tag="780"><subfield code="t">Allegan weekly newsmagazine gazette</subfield><subfield code="w">(DLC)sn 95077624</subfield><subfield code="w">(OCoLC)34008793</subfield></datafield><datafield ind1="0" ind2="0" tag="785"><subfield code="t">Allegan County news and gazette</subfield><subfield code="w">(DLC)sn 95077626</subfield><subfield code="w">(OCoLC)34008642</subfield></datafield></record>